
@ARTICLE {jogoslibras,
    author  = "SCHIMIGUEL, J. and FERNANDES, R. F. and DOS SANTOS FRANÇA, L",
    title   = "Desenvolvimento de objetos de aprendizagem na forma de jogos para ensino de libras.",
    journal = "Sintec-IV Simpósio Nacional de Ensino de Ciência e Tecnologia",
    year    = "2014",
    month   = "nov"
}

@ARTICLE {martinsEmatos,
    author  = "Lívia Maria Ninci Martins, Heloísa Andreia de Matos Lins",
    title   = "TECNOLOGIA E EDUCAÇÃO DE SURDOS: POSSIBILIDADES DE INTERVENÇÃO",
    journal = "Revista Eletrônica do Programa de Pós-Graduação em Educação e do Departamento de Educação da Faculdade de Ciências e Tecnologia/Unesp - Presidente Prudente.",
    year    = "2015",
    volume  = "26",
    number  = "2",
    pages   = "188-206",
    month   = "may"
}

@ARTICLE {ferramentas,
    author  = "Conceição de Maria Machado Costa, Márcia Machado Marinho, Gabrielle Silva Marinho",
    title   = "M-LEARNING NO ENSINO DE LIBRAS: AVALIAÇÃO DE OBJETOS DE APRENDIZAGEM",
    journal = "Revista Expressão Católica",
    year    = "2017",
    volume  = "6",
    number  = "1",
    pages   = "28-35",
    month   = "jul",
    note    = "ISSN: 2357-8483"
}

@INPROCEEDINGS{ASURVEY,
	author={A. Er-Rady and R. Faizi and R. O. H. Thami and H. Housni},
	booktitle={2017 International Conference on Advanced Technologies for Signal and Image Processing (ATSIP)},
	title={Automatic sign language recognition: A survey},
	year={2017},
	volume={},
	number={},
	pages={1-7},
	keywords={feature extraction;grammars;sign language recognition;ASLR system;SL recognition;automatic sign language recognition system;body movements;body postures;facial expressions;feature extraction;gesture recognition;grammar;visual language;Image processing;ASLR system components;Classification;Feature extraction;SL channels;SL linguistics;SLR challenges;Sign language recognition},
	doi={10.1109/ATSIP.2017.8075561},
	ISSN={},
	month={May}}


@monography{RUANI,
	author={Ruani Lazzarotto},
	pages={103},
	school={Curso de Engenharia de Computação, Universidade Tecnológica Federal do Paraná},
	title={Sistema de Reconhecimento de Padrões do Alfabeto da
	Língua Brasileira de Sinais utilizando Microcontrolador},
	type={Trabalho Conclusão de Curso 2},
	year={2016}}

@Book{LIBRAS?,
	Address = {São Paulo, SP},
	Author = { Audrei Gesser},
	Edition = {1},
	Publisher = {Parábola},
	Title = {Libras? que língua é essa? : crenças e preconceitos em torno da língua de sinais e da realidade surda},
	Year = {2009},
	Comment = {33 p},
	Series= {Série estratégias de ensino ; 14},
	ISBN = {9788579340017},
	Pages = {33},
	Comment ={ISBN 9788579340017}
}


@Book{haykin,
	Address = {Porto Alegre, RS},
	Author = {Haykin, Simon},
	Edition = {2},
	Publisher = {Bookman},
	Title = {Redes Neurais: princípios e prática},
	Year = {2001},
	ISBN = {9788573077186},
	Pages = {899},
	Comment ={ISBN 9788573077186}
}

@Book{Redes_cursopratico,
	Address = {São Paulo, SP},
	Author = {Silva, Ivan Nunes da and Spatti, Danilo Hernane and Flauzino, Andrade},
	Edition = {1},
	Publisher = {Artliber editora},
	Title = {Redes Neurais artificiais: para engenharias e ciências aplicadas},
	ISBN = {9788588098534},
	Year = {2010},
	Comment ={ISBN 9788588098534}
}

@Book{redesemc,
	Address = {Rio de Janeiro, RJ},
	Author = {Ludwig, O. and Costa, Edward Montgomery},
	Edition = {1},
	Publisher = {Editora ciência moderna},
	Title = {Redes Neurais: Fundamentos e Aplicações com Programas em C},
	ISBN = {9788573936193},
	Year = {2007},
	Comment ={ISBN 9788573936193}
}

@Book{Comunicacao,
	Address = {Brasília, DF},
	Author = { Castro, A. and Carvalho, I.},
	Edition = {3},
	Publisher = {Senac/DF},
	Title = {Comunicação por língua brasileira de sinais: livro básico},
	Year = {2009},
	ISBN = {9788598694115},
	Pages = {23}
}


@Book{Zieren2006b,
	Title                    = {Advanced Man-Machine Interaction. Fundamentals and Implementation},
	Author                   = {Zieren, J. and Canzler, U. and Bauer, B. and Kraiss, K.-F.},
	Chapter                  = {Sign Language Recognition},
	Editor                   = {Kraiss},
	Pages                    = {95},
	Publisher                = {Springer Verlag},
	Year                     = {2006},
	Series                   = {Signals and Communication Technology},
	
	Comment                  = {ISBN-10: 3-540-30618-8, ISBN-13: 978-3-540-30618-4},
	Timestamp                = {2015.02.23}
}


@inproceedings{smartglovecommunication,
	author={A. Das and L. Yadav and M. Singhal and R. Sachan and H. Goyal and K. Taparia and R. Gulati and A. Singh and G. Trivedi},
	booktitle={2016 International Conference on Accessibility to Digital World (ICADW)},
	title={Smart glove for Sign Language communications},
	year={2016},
	volume={},
	number={},
	pages={27-31},
	keywords={data gloves;handicapped aids;medical disorders;sign language recognition;Intel Galileo Gen 2 IoT kit;deaf-and-dumb community;differently abled persons;educational environment;hearing impaired persons;professional environment;real-time gesture recognition;sign language communication;sign language detection system;smart glove;social environment;speech impaired persons;Area measurement;Atmospheric measurements;Bridges;Flexible printed circuits;Irrigation;Particle measurements;Ports (Computers);Data Glove;Gesture Recognition;Sign Language},
	doi={10.1109/ICADW.2016.7942508},
	ISSN={},
	month={Dec}
}

@Book{SensoresIndustriais,
	Address = {São Paulo, SP},
	Author = { Daniel Thomazini and Pedro Urbano de Albuquerque},
	Edition = {1},
	Publisher = {Erica},
	Title = {Sensores Industriais: fundamentos e aplicações},
	Year = {2005},
	ISBN = {8536500719},
	Pages = {220}
}

@Book{PorUmaGramatica,
	Address = {Rio de Janeiro, RJ},
	Author = {Lucinda Ferreira},
	Edition = {2},
	Publisher = {Tempo Brasileiro},
	Title = {Por uma gramática de línguas de sinais},
	Year = {2010},
	ISBN = {8528200698},
	Pages = {269}
}



@misc{FiveD,
	author = {5DT},
	title = {Data Gloves for the fifth dimension User's Manual},
	date = {14/05/2018},
	year = {2018},
	url = {http://www.5dt.com/downloads/dataglove/old/5DTDataGlove16Manual.pdf}
}


@misc{synert,
	author = {Synertial},
	year = {2018},
	title = {Cobra Glove Technical Specification},
	date = {2018-05-14},
	url = {https://www.synertial.com/technical-specifications-1}
}


@misc{eixos,
	author = {ElectronicWings},
	year = {2019},
	title = {Sensors Modules Mpu6050 Gyroscope Accelerometer Temperature Senso...},
	date = {2019-06-14},
	url = {https://www.electronicwings.com/public/images/user_images/images/Sensor%20%26%20Modules/MPU6050/2_Oreintation_Polarity_of_Rotation_MPU6050.PNG}
}


@misc{cGlove,
	author = {CyberGlove},
	title  = {CyberGlove+ III DataSheet},
    date   = {2018-05-14},
    year   = {2018},
    url    = {https://bit.ly/2OeR9rm},
}

@article{baseadoruani,
	author={Chin-Shyurng Fahn and Herman Sun},
	journal={IEEE Transactions on Industrial Electronics},
	title={Development of a data glove with reducing sensors based on magnetic induction},
	year={2005},
	volume={52},
	number={2},
	pages={585-594},
	doi={10.1109/TIE.2005.844259},
	ISSN={0278-0046},
	month={April}
}

@inproceedings{calculojunta,
	author={S. Bakhshi and M. H. Mahoor and B. S. Davidson},
	booktitle={2011 Annual International Conference of the IEEE Engineering in Medicine and Biology Society},
	title={Development of a body joint angle measurement system using IMU sensors},
	year={2011},
	volume={},
	number={},
	pages={6923-6926},
	keywords={Bluetooth;biomechanics;biomedical equipment;biomedical measurement;patient monitoring;sensors;telemedicine;Bluetooth protocols;Euler angles;IMU measurement system;IMU sensors;body joint angle measurement system;human body joint angles;inertial measurement unit sensors;knee joint angle;lower leg;motion capture system;patient activity remote assessment;patient monitoring;physicians;therapists;upper leg;wearable systems;Accelerometers;Biomedical monitoring;Educational institutions;Joints;Knee;Monitoring;Sensors;Acceleration;Algorithms;Biomechanics;Computers;Equipment Design;Fiber Optic Technology;Humans;Knee Joint;Monitoring, Ambulatory;Monitoring, Physiologic;Motion;Movement;Range of Motion, Articular;Reproducibility of Results;Signal Processing, Computer-Assisted;Time Factors;Transducers},
	doi={10.1109/IEMBS.2011.6091743},
	ISSN={1094-687X},
	month={Aug}
}


@Book{Halliday,
	Address = {Rio de Janeiro, RJ},
	Author = { Halliday, D. and Resnick, R. and Walker, J.},
	Edition = {10},
	Volume = {1},
	Publisher = {LTC - Livros Técnicos e Científicos Editora Ltda},
	Title = {Fundamentos de física, volume 1 : mecânica},
	Year = {2016},
	ISBN = {8536500719},
	Pages = {220}
}

@Book{Halliday3,
	Address = {Rio de Janeiro, RJ},
	Author = { Halliday, D. and Resnick, R. and Walker, J.},
	Edition = {10},
	Volume = {1},
	Publisher = {LTC - Livros Técnicos e Científicos Editora Ltda},
	Title = {Fìsica 3},
	Year = {2012},
	ISBN = {9788521613916},
	Pages = {390}
}



@Book{INSTRUME,
	Address = {Rio de Janeiro, RJ},
	Author = {Alexandre Balbinot and João Brusamarelo Valner},
	Edition = {2},
	Publisher = {Editora LTC},
	Title = {Intrumentação e Fundamentos de Medidas},
	Year = {2007},
	ISBN = {9788521615637},
	Pages = {13-272},
	Comment ={ISBN 9788521615637}
}


@Book{Boylestad,
	Address = {São Paulo, SP},
	Author = {Robert L. Boylestad and Louis Nashelsky},
	Edition = {11},
	Publisher = {Pearson Education do Brasil Ltda},
	Title = {Dispositivos eletrônicos e teoria },
	Year = {2013},
	ISBN = {9788564574212},
	Pages = {13-272},
	Comment ={ISBN 9788564574212}
}


@article{50Years,
	author={R. K. Curey},
	journal={IEEE Aerospace and Electronic Systems Magazine},
	title={Gyro and Accelerometer Panel: 50 years of service to the inertial community},
	year={2013},
	volume={28},
	number={7},
	pages={23-29},
	keywords={accelerometers;gyroscopes;inertial navigation;accelerometer;automotive applications;consumer fields;gyroscopes;industrial applications;inertial systems;medical applications;military applications;scientific applications;Accelerometers;Gyroscopes;IEEE standards;Navigation;Sensor systems},
	doi={10.1109/MAES.2013.6559378},
	ISSN={0885-8985},
	month={July},}

@Book{EleDig,
	Address = {São Paulo, SP},
	Author = {James Bignell and Rober Donavan.},
	Edition = {3},
	Publisher = {Cengage Learning},
	Title = {Eletrônica Digital},
	Year = {2009},
	ISBN = {978852210745},
	Pages = {506-508}
}


@Book{Tocci,
	Address = {São Paulo, SP},
	Author = {Roland J. Tocci and Neal S. Widmer and Gregory L. Moss},
	Edition = {10},
	Publisher = {Pearson Prentice Hall},
	Title = {Sistemas Digitais: princípios e aplicação},
	Year = {2007},
	ISBN = {9788576050957},
	Pages = {498-509}
}

@monography{LISBOA,
	author={Francisco João Aires Duarte},
	pages={19-20},
	school={Instituto Superior de Engenharia de Lisboa},
	title={Classificação de atividades físicas através do uso do acelerômetro do Smartphone},
	type={Dissertação de Mestrado},
	year={2013}
}



@inproceedings{IMUFLEX,
	author={P. C. Hsiao and S. Y. Yang and B. S. Lin and I. J. Lee and W. Chou},
	booktitle={2015 37th Annual International Conference of the IEEE Engineering in Medicine and Biology Society 
	(EMBC)},
	title={Data glove embedded with 9-axis IMU and force sensing sensors for evaluation of hand function},
	year={2015},
	volume={},
	number={},
	pages={4631-4634},
	keywords={biomechanics;force sensors;injuries;patient rehabilitation;9-axis inertial measurement unit sensor;data 
	glove system;force sensing sensor;force sensitive resistor;hand function evaluation;hand injury;hand movement;hand 
	rehabilitation;Data gloves;Force;Medical services;Resistors;Sensors;Thumb},
	doi={10.1109/EMBC.2015.7319426},
	ISSN={1094-687X},
	month={Aug},}


@Book{moyses,
	Address = {São Paulo, SP},
	Author = {Moysés H. NUSSENZVEIG},
	Edition = {3},
	volume={3},
	Publisher = {Butcher},
	Title = {Curso de Física Básica: Eletromagnetismo},
	Year = {1996},
	ISBN = {8521200463.},
}

@Book{young,
	Address = {São Paulo, SP},
	Author = {Hugh D. Young and Roger A. Freedman},
	Edition = {12},
	volume={3},
	Publisher = {Pearson Education do Brasil},
	Title = {Fisica III: Eletromagnetismo},
	Year = {2009},
	ISBN = {9788588639348},
}



@Book{Haykim_ingles,
	Address = {São Paulo, SP},
	Author = {Simon Haykin},
	Edition = {3},
	Publisher = {Pearson Education},
	Title = {Neural networks and learning machines},
	Year = {2008},
	ISBN = {9780131471399},
}


@Book{Cathey,
	Address = {São Paulo, SP},
	Author = {Jimmie J. Cathey},
	Edition = {1},
	Publisher = {Makron Books},
	Title = {Dispositivos e circuitos eletrônicos},
	Year = {1994},
}



@Book{malvinaodamassa,
	Address = {São Paulo, SP},
	Author = {Albert Malvino and David J. Bates},
	Edition = {7},
	volume={2},
	Publisher = {McGraw-Hill},
	Title = {Dispositivos e circuitos eletrônicos},
	Year = {2007},
	ISBN={9788577260232},
}

@Book{PatternDuda,
	Address = {New York, NY},
	Author = {Richard O. Duda and Peter E. HART and David G. Stork},
	Edition = {2},
	Publisher = {Willey},
	Title = {Pattern Classification},
	Year = {2001},
	ISBN={9780471056690},
}

@manual{nxp:acell,
    organization  = "Freescale Semiconductor",
    title         = "Tilt Sensing Using a Three-Axis Accelerometer",
    number        = "AN3461",
    year          =  2013,
    month         =  3,    
    note          = "Rev. 6"
}

@manual{NASA,
    organization  = "Glenn Research Center",
    title         = "Aircraft Rotations",
    year          =  2015,
    month         =  5,    
}

@manual{STM32F103,
    organization  = "STMicroeletronics",
    title         = "Medium-density performance line ARM®-based 32-bit MCU with 64 or 128 KB Flash, USB, CAN, 7 timers, 2 ADCs, 9 com. interfaces",
    year          =  2015,
    month         =  7,    
    number        =  "DocID13587",
    note          = "Rev. 17"
}

@misc{indiamart,
	author = {Indiamart},
	year = {2018},
	title = {ARM STM32 Development Board},
	date = {2018-10-30},
	url = {https://www.indiamart.com/proddetail/arm-stm32-development-board-14510513355.html}
}


@misc{delf_hiper,
	author = {Carlos Delfino},
	year = {2019},
	title = {Introdução a Redes Neurais, Principais Funções - Carlos Delfino},
	date = {2019-06-25},
	url = {http://carlosdelfino.eti.br/series/redes%20neurais/introducao/Introducao_Redes_Neurais_Principais_Funcoes}
}

@manual{hitachi,
    organization  = "HITACHI",
    title         = "HD44780U (LCD-II), (Dot Matrix Liquid Crystal Display Controller/Driver)",
    year          =  2015,
    month         =  7,    
    number        =  "ADE-207-272(Z)",
    note          = "Rev. 0.0"
}

@manual{mpu6050,
    organization  = "InvenSense",
    title         = "MPU-6000 and MPU-6050 Product Specification Revision 3.4",
    year          =  2013,
    month         =  8,    
    number        =  "PS-MPU-6000A-00",
    note          = "Rev. 3.4"
}

@misc{filipeflopHD,
	author = {FilipeFlop},
	year = {2018},
	title = {FILIPEFLOP Componentes Eletronicos},
	date = {2018-10-31},
	url = {https://www.filipeflop.com}
}

@misc{gitmeu,
	author = {Jefferson Willian França Góes},
	year = {2019},
	title = {jeffersonwgoes/TCC-Luva-Sensora: TCC},
	date = {2019-05-28},
	url = {https://github.com/jeffersonwgoes/TCC-Luva-Sensora}
}

@misc{gihutDisplay,
	author = {Yohanes Erwin Setiawan},
	year = {2016},
	title = {stm32f103-keil/lcd16x2 at master . yohanes-erwin/stm32f103-keil},
	date = {2018-07-20},
	url = {https://github.com/yohanes-erwin/stm32f103-keil/tree/master/lcd16x2}
}